@article{tso2007predicting,
  title={Predicting electricity energy consumption: A comparison of regression analysis, decision tree and neural networks},
  author={Tso, Geoffrey KF and Yau, Kelvin KW},
  journal={Energy},
  volume={32},
  number={9},
  pages={1761--1768},
  year={2007},
  publisher={Elsevier}
}

@article{amber2021unlocking,
  title={Unlocking household electricity consumption in Pakistan},
  author={Amber, Khuram Pervez and Ahmad, Rizwan and Farmanbar, Mina and Bashir, Muhammad Anser and Mehmood, Sajid and Khan, Muhammad Sajid and Saeed, Muhammad Umer},
  journal={Buildings},
  volume={11},
  number={11},
  pages={566},
  year={2021},
  publisher={MDPI}
}

@article{urooj2017assessment,
  title={Assessment of electricity demand at domestic level in Balochistan, Pakistan},
  author={Urooj, Rabail and Ahmad, Sheikh Saeed},
  journal={Advances in Energy Research},
  volume={5},
  number={1},
  pages={57},
  year={2017},
  publisher={Techno-Press}
}

@article{iftikhar2023multiple,
  title={Multiple Novel Decomposition Techniques for Time Series Forecasting: Application to Monthly Forecasting of Electricity Consumption in Pakistan},
  author={Iftikhar, Hasnain and Bibi, Nadeela and Canas Rodrigues, Paulo and L{\'o}pez-Gonzales, Javier Linkolk},
  journal={Energies},
  volume={16},
  number={6},
  pages={2579},
  year={2023},
  publisher={MDPI}
}

